@inproceedings{RubyDSL,
    abstract = {{Using a problem domain motivated by Bentley's "Little Languages" column [1], this paper explores the use of the Ruby programming language's flexible syntax, dynamic nature, and reflexive metaprogramming facilities to implement an internal domain-specific language (DSL) for surveys.}},
    address = {New York, NY, USA},
    author = {Cunningham, H. Conrad},
    booktitle = {Proceedings of the 46th Annual Southeast Regional Conference on XX},
    citeulike-article-id = {10133424},
    citeulike-linkout-0 = {http://portal.acm.org/citation.cfm?id=1593181},
    citeulike-linkout-1 = {http://dx.doi.org/10.1145/1593105.1593181},
    doi = {10.1145/1593105.1593181},
    isbn = {978-1-60558-105-7},
    keywords = {dsl, edsl, ruby},
    location = {Auburn, Alabama},
    pages = {282--287},
    posted-at = {2011-12-16 09:53:01},
    priority = {2},
    publisher = {ACM},
    series = {ACM-SE 46},
    title = {{A little language for surveys: constructing an internal DSL in Ruby}},
    url = {http://dx.doi.org/10.1145/1593105.1593181},
    year = {2008}
}

@online{RubyFlexibleSupport,
    author        = {Jamis Buck},
    title         = {Writing Domain Specific Languages},
    year          = {2006},
    url           = {http://weblog.jamisbuck.org/2006/4/20/writing-domain-specific-languages.html},
    urldate  = {2016-04-16}
}

@online{RubyBlockSupport,
    author        = {Jim Freeze},
    title         = {Creating DSLs with Ruby},
    year          = {2006},
    url           = {http://www.artima.com/rubycs/articles/ruby_as_dsl2.html},
    urldate  = {2016-04-16}
}

@online{Ecma6,
    author        = {Ecma International},
    title         = {ECMAScript 2015 Language Specification},
    year          = {2015},
    url           = {http://www.ecma-international.org/ecma-262/6.0/index.html},
    urldate  = {2016-04-16}
}

@online{JSNamespacing,
    author        = {Addy Osmani},
    title         = {Essential JavaScript Namespacing Patterns},
    year          = {2011},
    url           = {https://addyosmani.com/blog/essential-js-namespacing},
    urldate  = {2016-04-20}
}

@book{DSLFowler,
 author = {Fowler, Martin},
 title = {Domain Specific Languages},
 year = {2010},
 isbn = {0321712943, 9780321712943},
 edition = {1st},
 publisher = {Addison-Wesley Professional},
} 

@INPROCEEDINGS{FluentInterfacesJava,
        author = {K. A. Hawick},
	title = {Fluent Interfaces and Domain-Specific Languages for Graph Generation
        and Network Analysis Calculations},
	booktitle = {Proceedings of the International Conference on Software Engineering (SE'13)},
	year = {2013},
	pages = {752-759},
	address = {Innsbruck, Austria},
	month = {11-13 February},
	publisher = {IASTED},
	institution = {Computer Science, Massey University},
	keywords = {domain-specific language; fluent interface; graph generation; graph
        computations; programming tools and languages},
	owner = {kahawick},
	timestamp = {2012.12.01}
}

@TechReport{PidginQLTechReport,
  author = 	 {Andrew Johnson and Lucas Waye and Scott Moore and Stephen Chong},
  title = 	 {Exploring and Enforcing Application Security Guarantees via Program Dependence Graphs},
  institution =  {Harvard University},
  year = 	 2014,
  number = 	 {TR-04-14}
}

@inproceedings{GateKeeper,
 author = {Guarnieri, Salvatore and Livshits, Benjamin},
 title = {GATEKEEPER: Mostly Static Enforcement of Security and Reliability Policies for Javascript Code},
 booktitle = {Proceedings of the 18th Conference on USENIX Security Symposium},
 series = {SSYM'09},
 year = {2009},
 location = {Montreal, Canada},
 pages = {151--168},
 numpages = {18},
 url = {http://dl.acm.org/citation.cfm?id=1855768.1855778},
 acmid = {1855778},
 publisher = {USENIX Association},
 address = {Berkeley, CA, USA},
} 

@inproceedings{PrototypePoisoning,
 author = {Adida, Ben and Barth, Adam and Jackson, Collin},
 title = {Rootkits for JavaScript Environments},
 booktitle = {Proceedings of the 3rd USENIX Conference on Offensive Technologies},
 series = {WOOT'09},
 year = {2009},
 location = {Montreal, Canada},
 pages = {4--4},
 numpages = {1},
 url = {http://dl.acm.org/citation.cfm?id=1855876.1855880},
 acmid = {1855880},
 publisher = {USENIX Association},
 address = {Berkeley, CA, USA},
} 

@inproceedings{HeapSpraying,
 author = {Cova, Marco and Kruegel, Christopher and Vigna, Giovanni},
 title = {Detection and Analysis of Drive-by-download Attacks and Malicious JavaScript Code},
 booktitle = {Proceedings of the 19th International Conference on World Wide Web},
 series = {WWW '10},
 year = {2010},
 isbn = {978-1-60558-799-8},
 location = {Raleigh, North Carolina, USA},
 pages = {281--290},
 numpages = {10},
 url = {http://doi.acm.org/10.1145/1772690.1772720},
 doi = {10.1145/1772690.1772720},
 acmid = {1772720},
 publisher = {ACM},
 address = {New York, NY, USA},
 keywords = {anomaly detection, drive-by-download attacks, web client exploits},
} 
